<record><leader>00000cas a22000007a 4500</leader><controlfield tag="001">12433607</controlfield><controlfield tag="008">850828d18951908wiuwr ne      0    0eng d</controlfield><datafield ind1=" " ind2=" " tag="010"><subfield code="a">sn 85040959 </subfield></datafield><datafield ind1=" " ind2=" " tag="040"><subfield code="a">NPV</subfield><subfield code="b">eng</subfield><subfield code="c">NPV</subfield><subfield code="d">OCLCQ</subfield></datafield><datafield ind1=" " ind2=" " tag="042"><subfield code="a">msc</subfield></datafield><datafield ind1="0" ind2="0" tag="245"><subfield code="a">New Lisbon times.</subfield></datafield><datafield ind1=" " ind2=" " tag="260"><subfield code="a">New Lisbon, Wis. :</subfield><subfield code="b">C.A. Leicht,</subfield><subfield code="c">1895-1908.</subfield></datafield><datafield ind1=" " ind2=" " tag="300"><subfield code="a">14 v.</subfield></datafield><datafield ind1=" " ind2=" " tag="310"><subfield code="a">Weekly</subfield></datafield><datafield ind1="0" ind2=" " tag="362"><subfield code="a">Vol. 1, no. 1 (Mar. 13, 1895)-v. 14, no. 41 (Dec. 16, 1908).</subfield></datafield><datafield ind1=" " ind2=" " tag="525"><subfield code="a">Supplements accompany some issues.</subfield></datafield><datafield ind1=" " ind2=" " tag="752"><subfield code="a">United States</subfield><subfield code="b">Wisconsin</subfield><subfield code="c">Juneau</subfield><subfield code="d">New Lisbon.</subfield></datafield><datafield ind1="0" ind2="7" tag="785"><subfield code="t">Juneau County Argus</subfield><subfield code="w">(DLC)sn 85033201</subfield></datafield><datafield ind1="0" ind2="7" tag="785"><subfield code="t">New Lisbon times and Juneau County Argus</subfield><subfield code="w">(DLC)sn 85040960</subfield></datafield></record>